@article{fox2001monitoring,
  title={Monitoring Pacific Ocean seismicity from an autonomous hydrophone array},
  author={Fox, Christopher G and Matsumoto, Haruyoshi and Lau, Tai-Kwan Andy},
  journal={Journal of Geophysical Research: Solid Earth},
  volume={106},
  number={B3},
  pages={4183--4206},
  year={2001},
  publisher={Wiley Online Library}
}

@article{tillmann2013computational,
  title={The computational complexity of the restricted isometry property, the nullspace property, and related concepts in compressed sensing},
  author={Tillmann, Andreas M and Pfetsch, Marc E},
  journal={IEEE Transactions on Information Theory},
  volume={60},
  number={2},
  pages={1248--1259},
  year={2013},
  publisher={IEEE}
}

@article{michele2016radar,
  title={Radar tracking reveals influence of crosswinds and topography on migratory behavior of European honey buzzards},
  author={Michele, Panuccio and Viviana, Stanzione and Carlo, Catoni and Mauro, Santini and others},
  journal={Journal of ethology},
  volume={34},
  number={1},
  pages={73--77},
  year={2016},
  publisher={Springer}
}

@article{van2009conditions,
  title={On the conditions used to prove oracle results for the Lasso},
  author={Van De Geer, Sara A and B{\"u}hlmann, Peter and others},
  journal={Electronic Journal of Statistics},
  volume={3},
  pages={1360--1392},
  year={2009},
  publisher={The Institute of Mathematical Statistics and the Bernoulli Society}
}

@article{tropp2006just,
  title={Just relax: Convex programming methods for identifying sparse signals in noise},
  author={Tropp, Joel A},
  journal={IEEE transactions on information theory},
  volume={52},
  number={3},
  pages={1030--1051},
  year={2006}
}

@article{fuchs2005recovery,
  title={Recovery of exact sparse representations in the presence of bounded noise},
  author={Fuchs, Jean-Jacques},
  journal={IEEE Transactions on Information Theory},
  volume={51},
  number={10},
  pages={3601--3608},
  year={2005},
  publisher={IEEE}
}

@incollection{shu1999high,
  title={High order ENO and WENO schemes for computational fluid dynamics},
  author={Shu, Chi-Wang},
  booktitle={High-order methods for computational physics},
  pages={439--582},
  year={1999},
  publisher={Springer}
}

@book{newell1985solitons,
  title={Solitons in mathematics and physics},
  author={Newell, Alan C},
  volume={48},
  year={1985},
  publisher={Siam}
}
@incollection{tikhomirov1991study,
  title={A study of the diffusion equation with increase in the amount of substance, and its application to a biological problem},
  author={Tikhomirov, VM},
  booktitle={Selected works of AN Kolmogorov},
  pages={242--270},
  year={1991},
  publisher={Springer}
}

@article{winkelbauer2012moments,
  title={Moments and absolute moments of the normal distribution},
  author={Winkelbauer, Andreas},
  journal={arXiv preprint arXiv:1209.4340},
  year={2012}
}

@article{liang2008parameter,
  title={Parameter estimation for differential equation models using a framework of measurement error in regression models},
  author={Liang, Hua and Wu, Hulin},
  journal={Journal of the American Statistical Association},
  volume={103},
  number={484},
  pages={1570--1583},
  year={2008},
  publisher={Taylor \& Francis}
}

@article{chen2008efficient,
  title={Efficient local estimation for time-varying coefficients in deterministic dynamic models with applications to HIV-1 dynamics},
  author={Chen, Jianwei and Wu, Hulin},
  journal={Journal of the American Statistical Association},
  volume={103},
  number={481},
  pages={369--384},
  year={2008},
  publisher={Taylor \& Francis}
}

@article{chen2008estimation,
  title={Estimation of time-varying parameters in deterministic dynamic models},
  author={Chen, Jianwei and Wu, Hulin},
  journal={Statistica Sinica},
  volume={18},
  number={3},
  pages={987--1006},
  year={2008},
  publisher={Institute of Statistical Science, Academia Sinica and International Chinese~…}
}

@article{schaeffer2017learning,
  title={Learning partial differential equations via data discovery and sparse optimization},
  author={Schaeffer, Hayden},
  journal={Proceedings of the Royal Society A: Mathematical, Physical and Engineering Sciences},
  volume={473},
  number={2197},
  pages={20160446},
  year={2017},
  publisher={The Royal Society Publishing}
}

@article{kang2019ident,
  title={IDENT: Identifying Differential Equations with Numerical Time evolution},
  author={Kang, Sung Ha and Liao, Wenjing and Liu, Yingjie},
  journal={arXiv preprint arXiv:1904.03538},
  year={2019}
}


@article{ravikumar2010high,
  title={High-dimensional Ising model selection using ℓ1-regularized logistic regression},
  author={Ravikumar, Pradeep and Wainwright, Martin J and Lafferty, John D and others},
  journal={The Annals of Statistics},
  volume={38},
  number={3},
  pages={1287--1319},
  year={2010},
  publisher={Institute of Mathematical Statistics}
}

@article{ravikumar2009sparse,
  title={Sparse additive models},
  author={Ravikumar, Pradeep and Lafferty, John and Liu, Han and Wasserman, Larry},
  journal={Journal of the Royal Statistical Society: Series B (Statistical Methodology)},
  volume={71},
  number={5},
  pages={1009--1030},
  year={2009},
  publisher={Wiley Online Library}
}

@article{ravikumar2011high,
  title={High-dimensional covariance estimation by minimizing ℓ1-penalized log-determinant divergence},
  author={Ravikumar, Pradeep and Wainwright, Martin J and Raskutti, Garvesh and Yu, Bin and others},
  journal={Electronic Journal of Statistics},
  volume={5},
  pages={935--980},
  year={2011},
  publisher={The Institute of Mathematical Statistics and the Bernoulli Society}
}

@inproceedings{obozinski2008union,
  title={Union support recovery in high-dimensional multivariate regression},
  author={Obozinski, Guillaume and Wainwright, Martin J and Jordan, Michael I},
  booktitle={2008 46th Annual Allerton Conference on Communication, Control, and Computing},
  pages={21--26},
  year={2008},
  organization={IEEE}
}

@inproceedings{wang2013block,
  title={Block regularized lasso for multivariate multi-response linear regression},
  author={Wang, Weiguang and Liang, Yingbin and Xing, Eric},
  booktitle={Artificial Intelligence and Statistics},
  pages={608--617},
  year={2013}
}

@inproceedings{jalali2010dirty,
  title={A dirty model for multi-task learning},
  author={Jalali, Ali and Sanghavi, Sujay and Ruan, Chao and Ravikumar, Pradeep K},
  booktitle={Advances in neural information processing systems},
  pages={964--972},
  year={2010}
}


@article{fan1997local,
  title={Local polynomial regression: optimal kernels and asymptotic minimax efficiency},
  author={Fan, Jianqing and Gasser, Theo and Gijbels, Ir{\`e}ne and Brockmann, Michael and Engel, Joachim},
  journal={Annals of the Institute of Statistical Mathematics},
  volume={49},
  number={1},
  pages={79--99},
  year={1997},
  publisher={Springer}
}
@article{tusnady1977remark,
  title={A remark on the approximation of the sample DF in the multidimensional case},
  author={Tusn{\'a}dy, G},
  journal={Periodica Mathematica Hungarica},
  volume={8},
  number={1},
  pages={53--55},
  year={1977},
  publisher={Akad{\'e}miai Kiad{\'o}, co-published with Springer Science+ Business Media BV~…}
}

@article{rosenblatt1952remarks,
  title={Remarks on a multivariate transformation},
  author={Rosenblatt, Murray},
  journal={The annals of mathematical statistics},
  volume={23},
  number={3},
  pages={470--472},
  year={1952},
  publisher={JSTOR}
}

@article{mack1982weak,
  title={Weak and strong uniform consistency of kernel regression estimates},
  author={Mack, Yue-pok and Silverman, Bernard W},
  journal={Zeitschrift f{\"u}r Wahrscheinlichkeitstheorie und verwandte Gebiete},
  volume={61},
  number={3},
  pages={405--415},
  year={1982},
  publisher={Springer}
}

@book{fan2018local,
  title={Local polynomial modelling and its applications: monographs on statistics and applied probability 66},
  author={Fan, Jianqing},
  year={2018},
  publisher={Routledge}
}

@article{wainwright2009sharp,
  title={Sharp thresholds for High-Dimensional and noisy sparsity recovery using {$\ell_1$}-Constrained Quadratic Programming (Lasso)},
  author={Wainwright, Martin J},
  journal={IEEE transactions on information theory},
  volume={55},
  number={5},
  pages={2183--2202},
  year={2009},
  publisher={IEEE}
}

@book{haberman1983elementary,
  title={Elementary applied partial differential equations},
  author={Haberman, Richard},
  volume={987},
  year={1983},
  publisher={Prentice Hall Englewood Cliffs, NJ}
}

@article{cheng1997automatic,
  title={On automatic boundary corrections},
  author={Cheng, Ming-Yen and Fan, Jianqing and Marron, James S and others},
  journal={The Annals of Statistics},
  volume={25},
  number={4},
  pages={1691--1708},
  year={1997},
  publisher={Institute of Mathematical Statistics}
}

@article{hastie1993local,
  title={Local regression: Automatic kernel carpentry},
  author={Hastie, Trevor and Loader, Clive and others},
  journal={Statistical Science},
  volume={8},
  number={2},
  pages={120--129},
  year={1993},
  publisher={Institute of Mathematical Statistics}
}
